
@book{grSchlR,
	address = {Krefeld},
	title = {Statistik mit {R} und {RStudio} - {Ein} {Nachschlagewerk} für {Gesundheitsberufe}},
	copyright = {CC BY-NC-SA 4.0},
	url = {https://www.produnis.de/R},
	language = {de},
	publisher = {Hochschule Niederrhein},
	author = {{große Schlarmann}, Jörg},
	year = {2024},
}

@book{grSchlRuebung,
	address = {Krefeld},
	series = {Statistik mit {R} und {RStudio}},
	title = {Angewandte Übungen in {R}},
	copyright = {CC BY-NC-SA 4.0},
	url = {https://github.com/produnis/angewandte_uebungen_in_R},
	language = {de},
	publisher = {Hochschule Niederrhein},
	author = {{große Schlarmann}, Jörg},
	year = {2024},
}

@book{grSchlTableTraineR,
	address = {Krefeld},
	title = {table {traineR}. {Workouts} für \{data.table\}},
	copyright = {CC BY-NC-SA 4.0},
	shorttitle = {{tabletraineR}},
	url = {https://www.produnis.de/tabletrainer/},
	language = {de},
	publisher = {Hochschule Niederrhein},
	author = {{große Schlarmann}, Jörg},
	year = {2024},
}

@book{grSchlTrainingslageR,
	author = {{große Schlarmann}, Jörg},
	title = {{trainingslageR}. Ein Übungsbuch für R-Einsteiger*innen und Fortgeschrittene},
	year = {2024},
	publisher = {Hochschule Niederrhein},
	address = {Krefeld},
	copyright = {CC BY-NC-SA 4.0},
	url = {https://www.produnis.de/trainingslager},
language = {de},
}


@book{produnis,
	address = {Krefeld},
	title = {Statistik mit {R} und {RStudio} - {Ein} {Nachschlagewerk} für {Gesundheitsberufe}},
	copyright = {CC BY-NC-SA 4.0},
	url = {https://www.produnis.de/R},
	language = {de},
	publisher = {Hochschule Niederrhein},
	author = {{große Schlarmann}, Jörg},
	year = {2024},
	keywords = {auswahl, buch},
}



@book{rbuch,
	address = {Krefeld},
	title = {Statistik mit {R} und {RStudio} - {Ein} {Nachschlagewerk} für {Gesundheitsberufe}},
	copyright = {CC BY-NC-SA 4.0},
	url = {https://www.produnis.de/R},
	language = {de},
	publisher = {Hochschule Niederrhein},
	author = {{große Schlarmann}, Jörg},
	year = {2024},
	keywords = {auswahl, buch},
}



@article{kahn05,
	title = {An {Exhalent} {Problem} for {Teaching} {Statistics}},
	volume = {13},
	issn = {1069-1898},
	url = {https://www.tandfonline.com/doi/full/10.1080/10691898.2005.11910559},
	doi = {10.1080/10691898.2005.11910559},
	language = {en},
	number = {2},
	urldate = {2023-10-13},
	journal = {Journal of Statistics Education},
	author = {Kahn, Michael},
	month = jan,
	year = {2005},
	pages = {6},
}

@article{mitchel76,
	title = {Blood groups antigens, plasma protein and red cell isoenzyme polymorphisms in {South}-west {Scotland}},
	volume = {3},
	issn = {0301-4460, 1464-5033},
	doi = {10.1080/03014467600001271},
	language = {en},
	number = {2},
	urldate = {2024-06-13},
	journal = {Annals of Human Biology},
	author = {Mitchell, R.J. and Izatt, Marian M. and Sunderland, E. and Cartwright, R.A.},
	month = jan,
	year = {1976},
	pages = {157--171},
}

@misc{Rbase,
	address = {Vienna, Austria},
	title = {R: {A} language and environment for statistical computing},
	url = {https://www.R-project.org/},
	publisher = {R Foundation for Statistical Computing},
	author = {{R Core Team}},
	year = {2023},
}


@article{tager83,
	title = {Longitudinal study of the effects of maternal smoking on pulmonary function in children},
	volume = {309},
	issn = {0028-4793},
	doi = {10.1056/NEJM198309223091204},
	language = {eng},
	number = {12},
	journal = {The New England Journal of Medicine},
	author = {Tager, I. B. and Weiss, S. T. and Muñoz, A. and Rosner, B. and Speizer, F. E.},
	month = sep,
	year = {1983},
	pages = {699--703},
}


@misc{tidytuesday,
  title = {Tidy Tuesday: A weekly data project aimed at the R ecosystem},
  author = {Mock, Thomas},
  url = {https://github.com/rfordatascience/tidytuesday},
  year = {2022}
}



@book{waltherR22,
	address = {Frechen},
	title = {Statistik mit {R} {Schnelleinstieg}},
	isbn = {978-3-7475-0494-9},
	publisher = {MITP Verlags GmbH},
	author = {Walther, Björn},
	month = oct,
	year = {2022},
}


@article{wickham12,
	title = {A {Layered} {Grammar} of {Graphics}},
	volume = {19},
	doi = {10.1198/jcgs.2009.07098},
	language = {en},
	number = {1},
	journal = {Journal of Computational and Graphical Statistics},
	author = {Wickham, Hadley},
	month = jan,
	year = {2012},
	pages = {3--28},
}

@article{wickham14,
	title = {Tidy {Data}},
	volume = {59},
	url = {https://www.jstatsoft.org/article/view/v059i10},
	doi = {10.18637/jss.v059.i10},
	number = {10},
	journal = {Journal of Statistical Software},
	author = {Wickham, Hadley},
	year = {2014},
}


@book{wickham17,
	address = {Sebastopol, CA},
	title = {R for {Data} {Science}},
	copyright = {CC BY-NC-ND 3.0 US},
	isbn = {978-1-4919-1039-9},
	url = {https://r4ds.had.co.nz/},
	publisher = {O'Reilly Media},
	author = {Wickham, Hadley and Grolemund, Garrett},
	year = {2017},
}


@book{whickham22ggplot,
	edition = {3rd},
	title = {ggplot2: {Elegant} {Graphics} for {Data} {Analysis}},
	url = {https://ggplot2-book.org/},
	abstract = {A book created with bookdown.},
	language = {en},
	urldate = {2022-10-16},
	publisher = {Springer},
	author = {Wickham, Hadley and Navarro, Danielle and Pedersen, Thomas Lin},
	year = {2022},
}


@book{wickham23,
	address = {Sebastopol, CA},
	title = {R for {Data} {Science}},
	copyright = {CC BY-NC-ND 3.0 US},
	isbn = {978-1-4920-9740-2},
	url = {https://r4ds.hadley.nz/},
	publisher = {O'Reilly Media},
	author = {Wickham, Hadley and Çetinkaya-Rundel, Mine and Grolemund, Garrett},
	year = {2023},
}

@unpublished{gimeno_applied_2022,
	address = {CEU San Pablo},
	author = {Gimeno, Edgar Arribas and Garro, Juan Carlos and Alberca, Alfredo Sánchez and {Zaragoza de Lorite}, Alberto},
	language = {en},
	title = {Applied {Biostatistics} with {R} and rk.{Teaching}},
	url = {https://github.com/asalber/statistics_practice_rkteaching},
	year = {2022}
}
